%% This BibTeX bibliography file was created using BibDesk.
%% http://bibdesk.sourceforge.net/


%% Created for 石井 大海 at 2018-02-04 16:56:53 +0900 


%% Saved with string encoding Unicode (UTF-8) 



@online{WikiSkel,
	Author = {Wikipedia},
	Date-Added = {2018-02-04 07:56:35 +0000},
	Date-Modified = {2018-02-04 07:56:53 +0000},
	Title = {Skeleton (category theory) - Wikipedia},
	Url = {https://en.wikipedia.org/wiki/Skeleton_(category_theory)},
	Urlyear = {2012}}

@online{nLab,
	Author = {nLab},
	Date-Added = {2018-02-04 07:55:29 +0000},
	Date-Modified = {2018-02-04 07:55:57 +0000},
	Title = {skeleton in nLab},
	Url = {https://ncatlab.org/nlab/show/skeleton},
	Urlyear = {2012}}

@online{Hiyama,
	Author = {檜山正幸},
	Date-Added = {2018-02-04 07:52:56 +0000},
	Date-Modified = {2018-02-04 07:54:09 +0000},
	Sortname = {ひやままさゆき},
	Title = {骨格的な圏と圏の骨格 - 檜山正幸のキマイラ飼育記},
	Url = {http://d.hatena.ne.jp/m-hiyama/20101102/1288676747},
	Urlyear = {2012},
	Year = {2010}}

@online{WikiChoice,
	Date-Added = {2018-02-04 07:51:00 +0000},
	Date-Modified = {2018-02-04 07:51:43 +0000},
	Editor = {Wikipedia},
	Title = {Axiom of Choice - Wikipedia},
	Url = {https://en.wikipedia.org/wiki/Axiom_of_choice},
	Urlyear = {2012}}
